# 在此直接复制GB/T 7714－2015 bib条目，第一行内容为在正文引用\cite{}的关键词
# 可以使用百度学术生成GB/T 7714－2015 bib条目
@article{ceshi,
  title={磁控溅射镀膜过程中非均匀磁场中电子的运动},
  author={王合英 and 孙文博 and 陈宜宝 and 何元金},
  journal={物理实验},
  number={11},
  pages={1-5},
  year={2008},
}
# 以上引用为测试内容
